@inproceedings{frank05,
  title={Introduction to reversible computing: motivation, progress, and challenges},
  author={Frank, Michael P},
  booktitle={Proceedings of the 2nd Conference on Computing Frontiers},
  pages={385--390},
  year={2005},
  organization={ACM}
}

@inproceedings{axelsen11,
  title={What do reversible programs compute?},
  author={Axelsen, Holger Bock and Gl{\"u}ck, Robert},
  booktitle={FoSSaCS},
  pages={42--56},
  year={2011},
  organization={Springer}
}

@article{lutz82,
  title={Janus: a time-reversible language},
  author={Lutz, Christopher and Derby, Howard},
  journal={Caltech class project},
  year={1982}
}

@article{yokoyama11,
  title={Towards a Reversible Functional Language.},
  author={Yokoyama, Tetsuo and Axelsen, Holger Bock and Gl{\"u}ck, Robert},
  journal={RC},
  volume={7165},
  pages={14--29},
  year={2011},
  publisher={Springer}
}

@inproceedings{thomsen15,
  title={Interpretation and programming of the reversible functional language RFUN},
  author={Thomsen, Michael Kirkedal and Axelsen, Holger Bock},
  booktitle={Proceedings of the 27th Symposium on the Implementation and Application of Functional Programming Languages},
  pages={8},
  year={2015},
  organization={ACM}
}

@inproceedings{hu04,
  title={An injective language for reversible computation},
  author={Mu, Shin-Cheng and Hu, Zhenjiang and Takeichi, Masato},
  booktitle={MPC},
  pages={289--313},
  year={2004},
  organization={Springer}
}

@phdthesis{rose15,
  title={Arrow: A Modern Reversible Programming Language},
  author={Rose, Eli},
  year={2015},
  school={Oberlin College}
}

@inproceedings{schultz16,
  title={Elements of a Reversible Object-Oriented Language},
  author={Schultz, Ulrik Pagh and Axelsen, Holger Bock},
  booktitle={International Conference on Reversible Computation},
  pages={153--159},
  year={2016},
  organization={Springer}
}

@article{yokoyama10,
  title={Reversible computation and reversible programming languages},
  author={Yokoyama, Tetsuo},
  journal={Electronic Notes in Theoretical Computer Science},
  volume={253},
  number={6},
  pages={71--81},
  year={2010},
  publisher={Elsevier}
}

@article{hamming1950error,
  title={Error detecting and error correcting codes},
  author={Hamming, Richard W},
  journal={Bell Labs Technical Journal},
  volume={29},
  number={2},
  pages={147--160},
  year={1950},
  publisher={Wiley Online Library}
}

@inproceedings{sheard02,
 author = {Sheard, Tim and Jones, Simon Peyton},
 title = {Template Meta-programming for Haskell},
 booktitle = {Proceedings of the 2002 ACM SIGPLAN Workshop on Haskell},
 series = {Haskell '02},
 year = {2002},
 isbn = {1-58113-605-6},
 location = {Pittsburgh, Pennsylvania},
 pages = {1--16},
 numpages = {16},
 url = {http://doi.acm.org/10.1145/581690.581691},
 doi = {10.1145/581690.581691},
 acmid = {581691},
 publisher = {ACM},
 address = {New York, NY, USA},
 keywords = {meta programming, templates},
}

@book{vazou16,
  title={Liquid Haskell: Haskell as a Theorem Prover},
  author={Vazou, Niki},
  year={2016},
  publisher={University of California, San Diego}
}

@inproceedings{mainland07,
  title={Why it's nice to be quoted: quasiquoting for haskell},
  author={Mainland, Geoffrey},
  booktitle={Proceedings of the ACM SIGPLAN workshop on Haskell workshop},
  pages={73--82},
  year={2007},
  organization={ACM}
}
